<record><leader>00000nas a2200000 i 4500</leader><controlfield tag="001">958294696</controlfield><controlfield tag="007">cr c||||||||||</controlfield><controlfield tag="008">160913d18uu1uuufluwr neo     0    0eng c</controlfield><datafield ind1=" " ind2=" " tag="010"><subfield code="a">  2016226531</subfield></datafield><datafield ind1=" " ind2=" " tag="040"><subfield code="a">FUG</subfield><subfield code="b">eng</subfield><subfield code="e">rda</subfield><subfield code="c">FUG</subfield></datafield><datafield ind1=" " ind2=" " tag="042"><subfield code="a">pcc</subfield></datafield><datafield ind1=" " ind2=" " tag="043"><subfield code="a">n-us-fl</subfield></datafield><datafield ind1=" " ind2=" " tag="092"><subfield code="a">AN1 .F6</subfield><subfield code="b">W56</subfield></datafield><datafield ind1="0" ind2=" " tag="130"><subfield code="a">Winter Park advocate (Online)</subfield></datafield><datafield ind1="1" ind2="4" tag="245"><subfield code="a">The advocate.</subfield></datafield><datafield ind1="1" ind2="0" tag="246"><subfield code="a">Winter Park advocate</subfield></datafield><datafield ind1=" " ind2="1" tag="264"><subfield code="a">Winter Park, Orange County, Fla. :</subfield><subfield code="b">Winter Park Pub. Co.,</subfield><subfield code="c">1889-</subfield></datafield><datafield ind1=" " ind2=" " tag="310"><subfield code="a">Weekly</subfield></datafield><datafield ind1=" " ind2=" " tag="336"><subfield code="a">text</subfield><subfield code="b">txt</subfield><subfield code="2">rdacontent</subfield></datafield><datafield ind1=" " ind2=" " tag="337"><subfield code="a">computer</subfield><subfield code="b">c</subfield><subfield code="2">rdamedia</subfield></datafield><datafield ind1=" " ind2=" " tag="338"><subfield code="a">online resource</subfield><subfield code="b">cr</subfield><subfield code="2">rdacarrier</subfield></datafield><datafield ind1="1" ind2=" " tag="362"><subfield code="a">Began with: May 31, 1889</subfield></datafield><datafield ind1=" " ind2=" " tag="500"><subfield code="a">G.C. Henderson, Business manager and publisher.</subfield></datafield><datafield ind1=" " ind2=" " tag="520"><subfield code="a">"Owned and operated by African Americans residing in Hannibal Square, the African American district in Winter Park, The Advocate was a weekly that began publication in May 1889. The Advocate provided a forum for community news that included social, political and economic concerns. Heavily reflecting the political landscape of the time, the paper was a strong voice for Republican politics in a time of resurgent Democratic politics. As such, the stories and opinion in the pages of The Advocate represent a critical primary source documenting the transformation of Florida in the 1890s. Although The Advocate was thought to be loss, significant fragments of the paper can be found in the Winter Park Scrapbook(WPS) located in the Olin Library Archive and Special Collection at Rollins College.  By transcribing these fragments, this project offer unique insights about the evolution of southern society after Reconstruction. Whether the rise of Jim Crow segregation or black economic and social aspiration, the Advocate offers a glimpse of African-American thought and action. As a digital pedagogical project, this project allows students to engage with the past in a unique manner.  Beyond transcription, undergraduate researchers create categories and tags reflecting historically relevant topics. Taken together, the project provides a resource for the public and unique learning experience for students while shedding new light on African-American action and reactions in the late nineteenth century."</subfield></datafield><datafield ind1=" " ind2=" " tag="533"><subfield code="a">Electronic reproduction.</subfield><subfield code="b">Winter park:</subfield><subfield code="c">Rollins College.</subfield></datafield><datafield ind1=" " ind2=" " tag="588"><subfield code="a">Description based on: Fragment of introduction, May 31, 1889; title from masthead.</subfield></datafield><datafield ind1=" " ind2=" " tag="588"><subfield code="a">Latest issue consulted: September 16, 1896.</subfield></datafield><datafield ind1=" " ind2=" " tag="588"><subfield code="a">This bibliographic record is available under the Creative Commons CC0 "No Rights Reserved" license. The University of Florida Libraries, as creator of this bibliographic record, has waived all rights to it worldwide under copyright law, including all related and neighboring rights, to the extent allowed by law.</subfield></datafield><datafield ind1=" " ind2="0" tag="651"><subfield code="a">Winter Park (Fla.)</subfield><subfield code="v">Newspapers.</subfield></datafield><datafield ind1=" " ind2="0" tag="651"><subfield code="a">Orange County (Fla.)</subfield><subfield code="v">Newspapers.</subfield></datafield><datafield ind1=" " ind2="7" tag="651"><subfield code="a">Florida</subfield><subfield code="z">Orange County.</subfield><subfield code="2">fast</subfield><subfield code="0">(OCoLC)fst01211878</subfield></datafield><datafield ind1=" " ind2="7" tag="651"><subfield code="a">Florida</subfield><subfield code="z">Winter Park.</subfield><subfield code="2">fast</subfield><subfield code="0">(OCoLC)fst01203029</subfield></datafield><datafield ind1=" " ind2="0" tag="655"><subfield code="a">African American newspapers.</subfield></datafield><datafield ind1=" " ind2="7" tag="655"><subfield code="a">Newspapers.</subfield><subfield code="2">fast</subfield><subfield code="0">(OCoLC)fst01423814</subfield></datafield><datafield ind1="1" ind2=" " tag="700"><subfield code="a">Henderson, G.C.</subfield><subfield code="q">(Gus C.),</subfield><subfield code="e">publisher.</subfield></datafield><datafield ind1=" " ind2=" " tag="752"><subfield code="a">United States</subfield><subfield code="b">Florida</subfield><subfield code="c">Orange</subfield><subfield code="d">Winter Park.</subfield></datafield><datafield ind1="0" ind2="8" tag="776"><subfield code="i">Print edition:</subfield><subfield code="t">Winter Park advocate</subfield><subfield code="w">(DLC)sn 95026926</subfield><subfield code="w">(OCoLC)32933649</subfield></datafield><datafield ind1="4" ind2="1" tag="856"><subfield code="u">http://social.rollins.edu/wpsites/advocaterecovered/</subfield></datafield></record>